@article{bernu2011,
  title = {Hartree-Fock phase diagram of the two-dimensional electron gas},
  author = {Bernu, B. and Delyon, F. and Holzmann, M. and Baguet, L.},
  journal = {Phys. Rev. B},
  volume = {84},
  pages = {115115},
  year = {2011}
}

@article{bishop1978,
  title = {Electron correlations: I. Ground-state results in the high-density regime},
  author = {Bishop, R. F. and L{"u}hrmann, K. H.},
  journal = {Phys. Rev. B},
  volume = {17},
  pages = {3757},
  year = {1978}
}

@article{bishop1982,
  title = {Electron correlations: II. Ground-state results at low and metallic densities},
  author = {Bishop, R. F. and L{"u}hrmann, K. H.},
  journal = {Phys. Rev. B},
  volume = {26},
  pages = {5523},
  year = {1982}
}


@article{booth2009,
author = {Booth, G. H.  and  Thom, A. J. W. and Alavi, A. },
title = {Fermion Monte Carlo without fixed nodes: A game of life, death, and annihilation in Slater determinant space},
year = {2009},
journal = {J. Chem. Phys.},
volume = {131},
eid = {054106},
pages = {054106}
}


@ARTICLE{booth2013,
  author = {Booth, G. H. and Gr\"uneis, A. and Kresse, G.  and Alavi, A.},
  title = {Towards an exact description of electronic wavefunctions in real
	solids},
  journal = {Nature},
  year = {2013},
  volume = {493},
  pages = {365}
}
@article{ceperley1978,
  title = {Ground state of the fermion one-component plasma: A Monte Carlo study in two and three dimensions},
  author = {Ceperley, D.},
  journal = {Phys. Rev. B},
  volume = {18},
  pages = {3126},
  year = {1978},
  doi = {10.1103/PhysRevB.18.3126}
}


@article{ceperley1980,
  title = {Ground State of the Electron Gas by a Stochastic Method},
  author = {Ceperley, D. M. and Alder, B. J.},
  journal = {Phys. Rev. Lett.},
  volume = {45},
  pages = {566},
  year = {1980}
}

@article{chiesa2006,
  title = {Finite-Size Error in Many-Body Simulations with Long-Range Interactions},
  author = {Chiesa, Simone and Ceperley, David M. and Martin, Richard M. and Holzmann, Markus},
  journal = {Phys. Rev. Lett.},
  volume = {97},
  pages = {076404},
  year = {2006}
}


@article{cleland2010,
author = {Cleland, D. and Booth, G. H.  and Alavi, A. },
title = {Communications: Survival of the fittest: Accelerating convergence in full configuration-interaction quantum Monte Carlo},
year = {2010},
journal = {J. Chem. Phys.},
volume = {132},
eid = {041103},
}

@ARTICLE{day1967,
  author = {Day, B. D.},
  title = {{Elements of the Brueckner-Goldstone Theory of Nuclear Matter}},
  journal = {Rev. Mod. Phys.},
  year = {1967},
  volume = {39},
  pages = {719}
}




@article{drummond2008,
  title = {Finite-size errors in continuum quantum Monte Carlo calculations},
  author = {Drummond, N. D. and Needs, R. J. and Sorouri, A. and Foulkes, W. M. C.},
  journal = {Phys. Rev. B},
  volume = {78},
  pages = {125106},
  year = {2008}
}

@ARTICLE{ewald1921,
  author = {Ewald, P. P.},
  journal = {Ann. Phys.},
  year = {1921},
  volume = {64},
  pages = {253}
}

@article{kwon1998,
  title = {Effects of backflow correlation in the three-dimensional electron gas: Quantum Monte Carlo study},
  author = {Kwon, Yongkyung and Ceperley, D. M. and Martin, Richard M.},
  journal = {Phys. Rev. B},
  volume = {58},
  pages = {6800},
  year = {1998}
}

%  F

@ARTICLE{freeman1977,
  author = {Freeman, D. L.},
  title = {Coupled-cluster expansion applied to the electron gas: Inclusion of ring and exchange effects},
  journal = {Phys. Rev. B},
  year = {1977},
  volume = {15},
  pages = {5512}
}

@ARTICLE{freeman1978,
  author = {Freeman, D. L.},
  journal = {Solid State Commun.},
  year = {1978},
  volume = {26},
  pages = {289}
}



@ARTICLE{freeman1983,
  author = {Freeman, D. L.},
  title = {Coupled-cluster summation of the particle-particle ladder diagrams for the two-dimensional electron gas},
  journal = {J. Phys. C: Solid State Phys.},
  year = {1983},
  volume = {16},
  pages = {711}
}


@BOOK{fetter,
  title = {Quantum Theory of Many-Particle Systems},
  publisher = {McGraw-Hill},
  year = {1971},
  author = {Fetter, A. L. and J. D. Walecka}
}
@article{fraser1996,
  title = {Finite-size effects and Coulomb interactions in quantum Monte Carlo calculations for homogeneous systems with periodic boundary conditions},
  author = {Fraser, Louisa M. and Foulkes, W. M. C. and Rajagopal, G. and Needs, R. J. and Kenny, S. D. and Williamson, A. J.},
  journal = {Phys. Rev. B},
  volume = {53},
  pages = {1814},
  year = {1996},
  doi = {10.1103/PhysRevB.53.1814}
}

@article{foulkes2001,
  title = {Quantum Monte Carlo simulations of solids},
  author = {Foulkes, W. M. C. and Mitas, L. and Needs, R. J. and Rajagopal, G.},
  journal = {Rev. Mod. Phys.},
  volume = {73},
  pages = {33},
  year = {2001},
  doi = {10.1103/RevModPhys.73.33}
}

%  G


@article{gellmann1957,
  author = {Gell-Mann, M. and Brueckner, K. A.},
  journal = {Phys. Rev.},
  volume = {106},
  pages = {364},
  year = {1957},
  doi = {10.1103/PhysRev.106.364}
}


@article{gruneis2011,
author = {Gr{\"u}neis, A. and Booth, G. H. and Marsman, M. and Spencer, J. and Alavi, A. and Kresse, G.},
title = {Natural Orbitals for Wave Function Based Correlated Calculations Using a Plane Wave Basis Set},
journal = {J. Chem. Theory and Computation},
volume = {7},
pages = {2780},
year = {2011}
}

%  H


@ARTICLE{haftel1970,
  author = {Haftel, M. I. and Tabakin, F.},
  journal = {Nucl. Phys. A},
  year = {1970},
  volume = {158},
  pages = {1}
}


@article{hagen2014,
  title = {Coupled-cluster calculations of nucleonic matter},
  author = {Hagen, G. and Papenbrock, T. and Ekstr\"om, A. and Wendt, K. A. and Baardsen, G. and Gandolfi, S. and Hjorth-Jensen, M. and Horowitz, C. J.},
  journal = {Phys. Rev. C},
  volume = {89},
  pages = {014319},
  year = {2014},
  doi = {10.1103/PhysRevC.89.014319}
}
@BOOK{harris1992,
  title = {Algebraic and Diagrammatic Methods in Many-Fermion Theory},
  publisher = {Oxford Press},
  year = {1992},
  author = {Harris, F. E. and Monkhorst, H. J. and Freeman, D. L.},
  address = {New York}
}

% K 

@article{kolodrubetz2013,
	author = {M. H. Kolodrubetz and J. S. Spencer and B. K. Clark and W. M.C. Foulkes},
	title = {The effect of quantization on the full configuration interaction quantum Monte Carlo sign problem},
	year = {2013},
	journal = {J. Chem. Phys.},
	volume = {138},
	pages = {024110},
}

% L


@ARTICLE{lightdvr,
  author = {J. C. Light and I. P. Hamilton and J. V. Lill},
  journal = {J. Chem. Phys.},
  year = {1985},
  volume = {82},
  pages = {1400}
}

@ARTICLE{light2000,
  author = {Light, J. and Carrington, T.},
  title = {Discrete variable representations and their utilization},
  journal = {Adv. Chem. Phys.},
  year = {2000},
  volume = {114},
  pages = {263}
}

@article{lin2001,
  title = {Twist-averaged boundary conditions in continuum quantum Monte Carlo algorithms},
  author = {Lin, C. and Zong, F. H. and Ceperley, D. M.},
  journal = {Phys. Rev. E},
  volume = {64},
  pages = {016702},
  year = {2001},
  doi = {10.1103/PhysRevE.64.016702}
}


@article{littlejohn2002,
author = {Littlejohn, R. G. and Cargo, M. and Carrington Jr., T. and Mitchell, K. A. and Poirier, B.},
title = {A general framework for discrete variable representation basis sets},
year = {2002},
journal = {J. Chem. Phys.},
volume = {116},
pages = {8691}
}

@article{lowy1975,
  title = {Electron correlations at metallic densities},
  author = {Lowy, D. N. and Brown, G. E.},
  journal = {Phys. Rev. B},
  volume = {12},
  pages = {2138},
  year = {1975},
  doi = {10.1103/PhysRevB.12.2138}
}


%  R

@article{rajagopal1977,
  title = {Correlations in a two-dimensional electron system},
  author = {Rajagopal, A. K. and Kimball, John C.},
  journal = {Phys. Rev. B},
  volume = {15},
   pages = {2819},
  year = {1977}
}

@article{roggero2013,
  title = {Quantum Monte Carlo with coupled-cluster wave functions},
  author = {Roggero, Alessandro and Mukherjee, Abhishek and Pederiva, Francesco},
  journal = {Phys. Rev. B},
  volume = {88},
  pages = {115138},
  year = {2013},
  doi = {10.1103/PhysRevB.88.115138}
}


% S

@ARTICLE{shepherd2012a,
  author = {Shepherd, J. J. and Booth, G. H. and Gr\"uneis, A. and Alavi, A.},
  title = {Full configuration interaction perspective on the homogeneous electron
	gas},
  journal = {Phys. Rev. B},
  year = {2012},
  volume = {85},
  pages = {081103}
}


@ARTICLE{shepherd2012b,
  author = {Shepherd, J. J. and Gr\"uneis, A. and Booth, G. H. and Kresse, G. and Alavi, A.},
  title = {Convergence of many-body wave-function expansions using a plane-wave
	basis: From homogeneous electron gas to solid state systems},
  journal = {Phys. Rev. B},
  year = {2012},
  volume = {86},
  pages = {035111}
}

@article{shepherd2012c,
author = {Shepherd, J. J.  and Booth, G. H.  and Alavi, A.},
title = {Investigation of the full configuration interaction quantum Monte Carlo method using homogeneous electron gas models},
year = {2012},
journal = {J. Chem. Phys.},
volume = {136},
pages = {244101}
}

@article{shepherd2013a,
  title = {Many-Body Quantum Chemistry for the Electron Gas: Convergent Perturbative Theories},
  author = {Shepherd, James J. and Gr\"uneis, Andreas},
  journal = {Phys. Rev. Lett.},
  volume = {110},
  pages = {226401},
  year = {2013},
  doi = {10.1103/PhysRevLett.110.226401}
}


@article{shepherd2013b,
  title = {Publisher's Note: Range-Separated Brueckner Coupled Cluster Doubles Theory [Phys. Rev. Lett. 112, 133002 (2014)]},
  author = {Shepherd, James J. and Henderson, Thomas M. and Scuseria, Gustavo E.},
  journal = {Phys. Rev. Lett.},
  volume = {112},
  pages = {209901},
  year = {2014},
  doi = {10.1103/PhysRevLett.112.209901}
}


@ARTICLE{shepherd2013c,
  author = {Shepherd, James J. and Henderson, Thomas M. and Scuseria, Gustavo
	E.},
  title = {Coupled cluster channels in the homogeneous electron gas},
  journal = {The Journal of Chemical Physics},
  year = {2014},
  volume = {140},
  eid = {124102},
  doi = {http://dx.doi.org/10.1063/1.4867783}
}



@BOOK{shavittbartlett2009,
  title = {Many-body Methods in Chemistry and Physics},
  publisher = {Cambridge University Press},
  year = {2009},
  author = {Shavitt, I. and Bartlett, R. J.},
  place = {Cambridge UK}
}

@article{singwi1968,
  title = {Electron Correlations at Metallic Densities},
  author = {Singwi, K. S. and Tosi, M. P. and Land, R. H. and Sj\"olander, A.},
  journal = {Phys. Rev.},
  volume = {176},
  pages = {589},
  year = {1968},
  doi = {10.1103/PhysRev.176.589}
}


@article{singal1973,
  title = {Self-Consistent Pair-Correlation Approach to Many-Body Effects in Metals},
  author = {Singal, C. M. and Das, T. P.},
  journal = {Phys. Rev. B},
  volume = {8},
  pages = {3675},
  year = {1973},
  doi = {10.1103/PhysRevB.8.3675}
}

@article{spencer2012,
	author = {J. S. Spencer and N. S. Blunt and W. M.C. Foulkes},
	title = {The sign problem and population dynamics in the full configuration interaction quantum Monte Carlo method},
	year = {2012},
	journal = {J. Chem. Phys.},
	volume = {136},
	pages = {054110},
}


%  T


@ARTICLE{tanatar1989,
  author = {Tanatar, B. and Ceperley, D. M.},
  title = {Ground state of the two-dimensional electron gas},
  journal = {Phys. Rev. B},
  year = {1989},
  volume = {39},
  pages = {5005}
}

% U 
@article{Umrigar_1993,
    author = {Umrigar, C. J. and Nightingale, M. P. and Runge, K. J.},
    title = {{A diffusion Monte Carlo algorithm with very small time-step errors}},
	journal = {J. Chem. Phys.},
    pages = {2865},
    volume = {99},
    year = {1993}
}

%  W

@article{wigner1934,
  title = {On the Interaction of Electrons in Metals},
  author = {Wigner, E.},
  journal = {Phys. Rev.},
  volume = {46},
  pages = {1002},
  year = {1934},
  doi = {10.1103/PhysRev.46.1002}
}


@ARTICLE{wood2004,
  author = {B Wood and W M C Foulkes and M D Towler and N D Drummond},
  title = {Coulomb finite-size effects in quasi-two-dimensional systems},
  journal = {Journal of Physics: Condensed Matter},
  year = {2004},
  volume = {16},
  pages = {891}
}



@article{PhysRevD.48.5863,
	author = "G{\l}azek, Stanis{\l}aw D. and Wilson, Kenneth G.",
	journal = "Phys. Rev. D",
	pages = "5863",
	title = "{Renormalization of {H}amiltonians}",
	volume = "48",
	year = "1993"
}

@article{PhysRepWegner,
	author = "Wegner, Franz J.",
	journal = "Phys. Rep.",
	pages = "77-",
	title = "{Flow equations for Hamiltonians}",
	volume = "348",
	year = "2001"
}

@article{PhysRepWegner0,
	author = "Wegner, Franz J.",
	journal = "Ann. Phys.",
	pages = "77",
	place = "Leipzig",
	title = "{Flow-equations for Hamiltonians}",
	volume = "3",
	year = "1994"
}

@article{PhysRevD.49.4214,
	author = "Glazek, Stanislaw D. and Wilson, Kenneth G.",
	journal = "Phys. Rev. D",
	pages = "4214",
	publisher = "American Physical Society",
	title = "{Perturbative renormalization group for Hamiltonians}",
	volume = "49",
	year = "1994"
}

@book{kehrein2006flow,
	author = "Kehrein, S.",
	publisher = "Springer",
	series = "{Springer Tracts in Modern Physics}",
	title = "{The Flow Equation Approach to Many-Particle Systems}",
	year = "2006"
}

@article{ScottSRG,
	author = "Anderson, E. R. and Bogner, S. K. and Furnstahl, R. J. and Perry, R. J.",
	journal = "Phys. Rev. C",
	pages = "054001",
        volume = "82",
	title = "{Operator Evolution via the Similarity Renormalization Group I: The Deuteron}",
	year = "2010"
}

@article{PhysRevC.75.061001,
	author = "Bogner, S. K. and Furnstahl, R. J. and Perry, R. J.",
	journal = "Phys. Rev. C",
	pages = "061001",
	publisher = "American Physical Society",
	title = "{Similarity renormalization group for nucleon-nucleon interactions}",
	volume = "75",
	year = "2007"
}


@article{PhysRevC.78.014003,
	author = "Jurgenson, E. D. and Bogner, S. K. and Furnstahl, R. J. and Perry, R. J.",
	journal = "Phys. Rev. C",
	pages = "014003",
	title = "{Decoupling in the similarity renormalization group for nucleon-nucleon forces}",
	volume = "78",
	year = "2008"
}

@article{White:cond-mat0201346,
	author = "White, S. R.",
	journal = "J. Chem. Phys.",
	title = "{A numerical canonical transformation approach to quantum many body problems}",
	volume = "117",
	year = "2002"
}

@article{IMSRG,
	author = "Hergert, H. and Bogner, S. K. and Binder, S. and Calci, S. and Langhammer, J. and Roth, R. and Schwenk, A.",
	journal = "Phys. Rev. C",
	title = "{In-Medium Similarity Renormalization Group with Chiral Two- Plus Three-Nucleon Interactions}",
	pages = "014003",
	volume = "78",
	year = "2012"
}


@article{PhysRevLett.106.222502,
	author = "Tsukiyama, K. and Bogner, S. K. and Schwenk, A.",
	journal = "Phys. Rev. Lett.",
	pages = "222502",
	title = "{In-Medium Similarity Renormalization Group For Nuclei}",
	volume = "106",
	year = "2011"
}

